<?xml version="1.0" encoding="UTF-8"?><collection xmlns="http://www.loc.gov/MARC21/slim"><record><leader>00331nam--2200133-i-4500</leader><controlfield tag="001">000031568</controlfield><controlfield tag="002">20161230</controlfield><controlfield tag="005">20161230201038</controlfield><controlfield tag="008">060222s1000------------r-----000-0-eng-d</controlfield><datafield ind1=" " ind2=" " tag="080"><subfield code="a">61</subfield></datafield><datafield ind1=" " ind2=" " tag="100"><subfield code="a">Loosli-usteri, Marguerite</subfield></datafield><datafield ind1=" " ind2=" " tag="245"><subfield code="a">Manuel pratique du test de rorschach</subfield></datafield><datafield ind1=" " ind2=" " tag="260"><subfield code="a">Paris, Ed.Hermann, 1958. 216p</subfield></datafield><datafield ind1=" " ind2=" " tag="852"><subfield code="a">13799</subfield></datafield></record></collection>